@misc{chess.com,
	author = "Chess.com",
  title  = "Chess.com - Play chess online",
  url    = "https://www.chess.com/",
  lastaccessed = "November 8, 2019",
}

@misc{lichess.org,
	author = "lichess.org",
  title  = "Lichess.com - Free online chess",
  url    = "https://lichess.org/",
  lastaccessed = "November 8, 2019",
}

@misc{bootstrap,
	author = "Bootstrap",
  title  = "Bootstrap",
  url    = "https://getbootstrap.com/docs/3.3/",
  lastaccessed = "November 8, 2019",
}

@misc{responsive-web-design,
	author = "Wikipedia",
  title  = "Responsive web design",
  url    = "https://en.wikipedia.org/wiki/Responsive_web_design#Mobile_first,_unobtrusive_JavaScript,_and_progressive_enhancement",
  lastaccessed = "November 8, 2019",
}

@online{aspnet-mvc,
  author = "Steve Smith",
  year   = "2019",
  title  = "Overview of ASP.NET Core MVC",
  url    = "https://docs.microsoft.com/en-us/aspnet/core/mvc/overview?view=aspnetcore-2.0",
  month  =  November,
  lastaccessed = "November 8, 2019",
}

@misc{aspnet-identity,
  author = "Rick Anderson and others",
  title  = "Introduction to ASP.NET Identity",
  url    = "https://docs.microsoft.com/en-us/aspnet/identity/overview/getting-started/introduction-to-aspnet-identity",
  lastaccessed = "November 8, 2019",
  year   = "2019",
  month  = "January"
}

@misc{adodotnet,
  author = "Wikipedia",
  title  = "ADO.NET",
  url    = "https://en.wikipedia.org/wiki/ADO.NET",
  year   = "2019",
  month  = "June",
  lastaccessed = "November 8, 2019",
}

@misc{orm,
  author = "Wikipedia",
  title  = "Object-Relational mapping",
  url    = "https://en.wikipedia.org/wiki/Object-relational_mapping",
  lastaccessed = "November 8, 2019",
  year   = "2019",
  month  = "November"
}

@misc{ef-linq,
  author = "Entity Framework",
  title  = "LINQ Prevent SQL Injection",
  url    = "https://entityframework.net/linq-prevent-sql-injection",
  lastaccessed = "November 8, 2019",
}

@misc{Repository-pattern,
  author = "John Parente and Maira Wenzel",
  title  = "Design the infrastructure persistence layer",
  url    = "https://docs.microsoft.com/en-us/dotnet/architecture/microservices/microservice-ddd-cqrs-patterns/infrastructure-persistence-layer-design",
  lastaccessed = "November 8, 2019",
  year   = "2018",
  month  = "August"
}

@misc{dependency-injection,
	author = "Android Developers",
	title = "Dependency injection in Android",
	url =  "https://developer.android.com/training/dependency-injection",
  lastaccessed = "November 8, 2019",
}

@online{DTOs,
  author = "Mike Wasson",
  year   = "2014",
  title  = "Create Data Transfer Objects (DTOs)",
  url    = "https://docs.microsoft.com/en-us/aspnet/web-api/overview/data/using-web-api-with-entity-framework/part-5",
  month  =  June,
  lastaccessed = "November 8, 2019",
}

@misc{Design-patterns,
	author = "Tutorialspoint",
  title = "Design Patterns - Observer Pattern",
	url = "https://www.tutorialspoint.com/design_pattern/observer_pattern.htm",
  lastaccessed = "November 8, 2019",
}

@unpublished{nick,
  author = "Nick Grannas", 
  title  = "Utv√§rdering av en enklare design med ett neutralt perspektiv",
  note   = "Improvements on existing UX assignment",
  month  = "April",
  year   = "2019"
}

@misc{githubflow,
  author = "Github",
  title  = "Understanding the GitHub flow",
  url    = "https://guides.github.com/introduction/flow/",
  year   = "2017",
  month  = "November",
  lastaccessed = "November 8, 2019",
}

@online{razor,
  year   = "2019",
  author = "Rick Anderson and others",
  title  = "Razor syntax reference for ASP.NET Core",
  url    = "https://docs.microsoft.com/en-us/aspnet/core/mvc/views/razor?view=aspnetcore-2.0",
  month  =  September,
  lastaccessed = "November 8, 2019",
}

@misc{ajax,
  author = "w3schools",
  title  = "PHP - AJAX Introduction",
  url    = "https://www.w3schools.com/php/php_ajax_intro.asp",
  lastaccessed = "November 8, 2019",
}

@misc{event-loop,
  author = "Wikipedia",
  title  = "Event loop",
  url    = "https://en.wikipedia.org/wiki/Event_loop",
  lastaccessed = "November 8, 2019",
  year   = "2019",
  month  = "November"
}

@misc{signalr,
  author = "Microsoft",
  title  = "Real-time ASP.NET with SignalR",
  url    = "https://dotnet.microsoft.com/apps/aspnet/signalr",
  lastaccessed = "November 8, 2019",
}

